<record><leader>01820cam a22004218i 4500</leader><controlfield tag="001">6203618</controlfield><controlfield tag="003">OCoLC</controlfield><controlfield tag="005">20151002172121.0</controlfield><controlfield tag="008">140922s2015    nyu    j b    001 0 eng  </controlfield><datafield ind1=" " ind2=" " tag="010"><subfield code="a">  2014032332</subfield></datafield><datafield ind1=" " ind2=" " tag="020"><subfield code="a">9781627133692 (library binding)</subfield></datafield><datafield ind1=" " ind2=" " tag="020"><subfield code="a">1627133690 (library binding)</subfield></datafield><datafield ind1=" " ind2=" " tag="020"><subfield code="z">9781627133708 (ebook)</subfield></datafield><datafield ind1=" " ind2=" " tag="020"><subfield code="a">9781502600790</subfield></datafield><datafield ind1=" " ind2=" " tag="020"><subfield code="a">150260079X</subfield></datafield><datafield ind1=" " ind2=" " tag="040"><subfield code="a">DLC</subfield><subfield code="b">eng</subfield><subfield code="e">rda</subfield><subfield code="c">DLC</subfield><subfield code="d">BDX</subfield><subfield code="d">BTCTA</subfield><subfield code="d">GK8</subfield><subfield code="d">IY5</subfield><subfield code="d">GK5</subfield><subfield code="d">C9Z</subfield><subfield code="d">JQM</subfield><subfield code="d">S1C</subfield><subfield code="d">OCLCF</subfield><subfield code="d">EHH</subfield><subfield code="d">MLY</subfield></datafield><datafield ind1=" " ind2=" " tag="042"><subfield code="a">pcc</subfield></datafield><datafield ind1=" " ind2=" " tag="043"><subfield code="a">a-ko---</subfield></datafield><datafield ind1="0" ind2="0" tag="050"><subfield code="a">DS907.4</subfield><subfield code="b">.D83 2015</subfield></datafield><datafield ind1="0" ind2="0" tag="082"><subfield code="a">951.95</subfield><subfield code="2">23</subfield></datafield><datafield ind1=" " ind2=" " tag="090"><subfield code="a">951.95 JAC</subfield><subfield code="b">AEVC</subfield></datafield><datafield ind1="1" ind2=" " tag="100"><subfield code="a">DuBois, Jill,</subfield><subfield code="d">1952-</subfield></datafield><datafield ind1="1" ind2="0" tag="245"><subfield code="a">South Korea /</subfield><subfield code="c">Jill Dubois, Debbie Nevins.</subfield></datafield><datafield ind1=" " ind2="1" tag="264"><subfield code="a">New York :</subfield><subfield code="b">Cavendish Square Publishing,</subfield><subfield code="c">[2015]</subfield></datafield><datafield ind1=" " ind2=" " tag="300"><subfield code="a">144 pages :</subfield><subfield code="b">color illustrations, color maps ;</subfield><subfield code="c">25 cm.</subfield></datafield><datafield ind1=" " ind2=" " tag="336"><subfield code="a">text</subfield><subfield code="b">txt</subfield><subfield code="2">rdacontent</subfield></datafield><datafield ind1=" " ind2=" " tag="337"><subfield code="a">unmediated</subfield><subfield code="b">n</subfield><subfield code="2">rdamedia</subfield></datafield><datafield ind1=" " ind2=" " tag="338"><subfield code="a">volume</subfield><subfield code="b">nc</subfield><subfield code="2">rdacarrier</subfield></datafield><datafield ind1="1" ind2=" " tag="490"><subfield code="a">Cultures of the world</subfield></datafield><datafield ind1=" " ind2=" " tag="504"><subfield code="a">Includes bibliographical references and index.</subfield></datafield><datafield ind1="0" ind2=" " tag="505"><subfield code="a">Geography -- History -- Government -- Economy -- Environment -- South Koreans -- Lifestyle -- Religion -- Language -- Arts -- Leisure -- Festivals -- Food.</subfield></datafield><datafield ind1=" " ind2=" " tag="520"><subfield code="a">Provides comprehensive information on the geography, history, wildlife, governmental structure, economy, cultural diversity, peoples, religion, and culture of South Korea.</subfield></datafield><datafield ind1=" " ind2=" " tag="596"><subfield code="a">3</subfield></datafield><datafield ind1=" " ind2="0" tag="651"><subfield code="a">Korea (South)</subfield><subfield code="v">Juvenile literature.</subfield></datafield><datafield ind1="1" ind2=" " tag="700"><subfield code="a">Nevins, Debbie.</subfield></datafield><datafield ind1=" " ind2="0" tag="830"><subfield code="a">Cultures of the world (3rd ed.)</subfield></datafield><datafield ind1=" " ind2=" " tag="926"><subfield code="a">951.95 JAC</subfield><subfield code="w">DEWEY</subfield><subfield code="c">1</subfield><subfield code="i">33862000958060</subfield><subfield code="d">10/28/2015</subfield><subfield code="e">10/23/2015</subfield><subfield code="l">ON_SHELF</subfield><subfield code="m">NORQ_MAIN</subfield><subfield code="n">2</subfield><subfield code="p">$36.95</subfield><subfield code="r">Y</subfield><subfield code="s">Y</subfield><subfield code="t">BOOK</subfield><subfield code="u">7/31/2013</subfield></datafield><datafield ind1=" " ind2=" " tag="926"><subfield code="a">951.95 JAC</subfield><subfield code="w">DEWEY</subfield><subfield code="c">2</subfield><subfield code="i">33862000959175</subfield><subfield code="d">10/27/2016</subfield><subfield code="e">10/26/2016</subfield><subfield code="l">ON_SHELF</subfield><subfield code="m">NORQ_MAIN</subfield><subfield code="n">4</subfield><subfield code="p">$36.95</subfield><subfield code="r">Y</subfield><subfield code="s">Y</subfield><subfield code="t">BOOK</subfield><subfield code="u">7/31/2013</subfield></datafield></record>